@book{kock,
title  = {Frobenius algebras and 2D topological quantum field theory},
author = {Joachim Kock},
year   = {2003},
}

@misc{geiger,
  url    = {https://arxiv.org/abs/2206.12448},
  author = {Geiger, Leon},
  title  = {Introduction to 2-dimensional Topological Quantum Field Theory},
  year   = {2022},
}

@book{hirsch,
author = {Morris W. Hirsch},
title  = {Differential Topology},
year   = {1976},
}

@book{milnor,
author = {John Willard Milnor},
title  = {Topology from the Differentiable Viewpoint},
year   = {1997},
}

@book{etingof,
title  = {Tensor Categories},
author = {Pavel Etingof and Shlomo Gelaki and Dmitri Nikshych and Victor Ostrik},
year   = {2016},
}

@book{borceux,
title  = {Handbook of Categorical Algebra: Volume 1, Basic Category Theory},
author = {Francis Borceux},
year   = {2008},
}

@misc{lurie-tqft,
  url = {https://arxiv.org/abs/0905.0465},
  author = {Lurie, Jacob},
  title = {On the Classification of Topological Field Theories},
  year = {2009},
}
